<?xml version="1.0" encoding="UTF-8"?>
<zs:searchRetrieveResponse xmlns:zs="http://www.loc.gov/zing/srw/">
  <zs:version>1.1</zs:version>
  <zs:numberOfRecords>5</zs:numberOfRecords>
  <zs:records>
    <zs:record>
      <zs:recordSchema/>
      <zs:recordPacking>xml</zs:recordPacking>
      <zs:recordData>
        <record xmlns="http://www.loc.gov/MARC21/slim">
          <leader>02343nem a2200481   4500</leader>
          <controlfield tag="001">260959</controlfield>
          <controlfield tag="005">19990722052430.0</controlfield>
          <controlfield tag="007">ad canzn</controlfield>
          <controlfield tag="008">700505m19699999enk       e         eng  </controlfield>
          <datafield tag="035" ind1=" " ind2=" ">
            <subfield code="9">(DLC)   70653644</subfield>
          </datafield>
          <datafield tag="906" ind1=" " ind2=" ">
            <subfield code="a">7</subfield>
            <subfield code="b">cbc</subfield>
            <subfield code="c">orignew</subfield>
            <subfield code="d">u</subfield>
            <subfield code="e">ncip</subfield>
            <subfield code="f">19</subfield>
            <subfield code="g">y-geogmaps</subfield>
          </datafield>
          <datafield tag="010" ind1=" " ind2=" ">
            <subfield code="a">   70653644 </subfield>
            <subfield code="z">   77358320 </subfield>
          </datafield>
          <datafield tag="020" ind1=" " ind2=" ">
            <subfield code="a">0902134000 (v.1)</subfield>
          </datafield>
          <datafield tag="020" ind1=" " ind2=" ">
            <subfield code="a">0859671852 (v.2)</subfield>
          </datafield>
          <datafield tag="034" ind1="0" ind2=" ">
            <subfield code="a">a</subfield>
          </datafield>
          <datafield tag="040" ind1=" " ind2=" ">
            <subfield code="a">DLC</subfield>
            <subfield code="c">DLC</subfield>
            <subfield code="d">DLC</subfield>
          </datafield>
          <datafield tag="043" ind1=" " ind2=" ">
            <subfield code="a">e-uk---</subfield>
          </datafield>
          <datafield tag="050" ind1="0" ind2="0">
            <subfield code="a">G1814.A1</subfield>
            <subfield code="b">H5 1969 &lt;G&amp;M : fol.&gt;</subfield>
          </datafield>
          <datafield tag="082" ind1="0" ind2="0">
            <subfield code="a">912/.41</subfield>
          </datafield>
          <datafield tag="245" ind1="0" ind2="4">
            <subfield code="a">The British atlas of historic towns /</subfield>
            <subfield code="c">general editor: M. D. Lobel ; topographical mapping editor: W.H. Johns.</subfield>
          </datafield>
          <datafield tag="255" ind1=" " ind2=" ">
            <subfield code="a">Scales differ.</subfield>
          </datafield>
          <datafield tag="260" ind1=" " ind2=" ">
            <subfield code="a">New York :</subfield>
            <subfield code="b">Oxford University Press in conjunction with the Historic Towns Trust,</subfield>
            <subfield code="c">1969-&lt;1989   &gt;</subfield>
          </datafield>
          <datafield tag="300" ind1=" " ind2=" ">
            <subfield code="a">1 atlas (&lt;v.1-3&gt;) :</subfield>
            <subfield code="b">maps (chiefly col.) ;</subfield>
            <subfield code="c">42 cm.</subfield>
          </datafield>
          <datafield tag="500" ind1=" " ind2=" ">
            <subfield code="a">Vol.1 has title: Historic towns : maps and plans of towns and cities in the British Isles, with historical commentaries, from earliest times to 1800; v.2 has title: Historic towns: the atlas of historic towns.</subfield>
          </datafield>
          <datafield tag="500" ind1=" " ind2=" ">
            <subfield code="a">A project of the International Commission for the History of Towns and the British Committee of Historic Towns.</subfield>
          </datafield>
          <datafield tag="500" ind1=" " ind2=" ">
            <subfield code="a">Imprint varies: v.1, London : Lovell Johns; v.2, London : Scolar Press in conjunction with the Historic Towns Trust.</subfield>
          </datafield>
          <datafield tag="504" ind1=" " ind2=" ">
            <subfield code="a">Includes bibliographical footnotes.</subfield>
          </datafield>
          <datafield tag="505" ind1="0" ind2=" ">
            <subfield code="a">v.1. Banbury, Caernarvon, Glasgow, Gloucester, Hereford, Nottingham, Reading, Salisbury -- v.2. Bristol, Cambridge, Coventry, Norwich -- v.3. City of London, from prehistoric times to c.1520</subfield>
          </datafield>
          <datafield tag="650" ind1=" " ind2="0">
            <subfield code="a">Cities and towns</subfield>
            <subfield code="z">British Isles</subfield>
            <subfield code="x">Maps.</subfield>
          </datafield>
          <datafield tag="650" ind1=" " ind2="0">
            <subfield code="a">Cities and towns</subfield>
            <subfield code="z">British Isles</subfield>
            <subfield code="x">History.</subfield>
          </datafield>
          <datafield tag="650" ind1=" " ind2="0">
            <subfield code="a">Cities and towns, Medieval</subfield>
            <subfield code="z">British Isles.</subfield>
          </datafield>
          <datafield tag="700" ind1="1" ind2=" ">
            <subfield code="a">Lobel, M.D.</subfield>
            <subfield code="q">(Mary Doreen),</subfield>
            <subfield code="d">1900-</subfield>
          </datafield>
          <datafield tag="700" ind1="1" ind2=" ">
            <subfield code="a">Johns, W.H.</subfield>
            <subfield code="q">(William Henry)</subfield>
          </datafield>
          <datafield tag="710" ind1="2" ind2=" ">
            <subfield code="a">British Committee of Historic Towns.</subfield>
          </datafield>
          <datafield tag="710" ind1="2" ind2=" ">
            <subfield code="a">International Commission for the History of Towns.</subfield>
          </datafield>
          <datafield tag="710" ind1="2" ind2=" ">
            <subfield code="a">Historic Towns Trust.</subfield>
          </datafield>
          <datafield tag="740" ind1="0" ind2=" ">
            <subfield code="a">Historic towns.</subfield>
          </datafield>
          <datafield tag="740" ind1="0" ind2=" ">
            <subfield code="a">Atlas of historic towns.</subfield>
          </datafield>
          <datafield tag="922" ind1=" " ind2=" ">
            <subfield code="a">ap</subfield>
            <subfield code="a">v.1. 9508H, v.2. 95124, v.3. 95168</subfield>
          </datafield>
          <datafield tag="952" ind1=" " ind2=" ">
            <subfield code="a">Record contents even if exceeding 12 v.</subfield>
          </datafield>
          <datafield tag="952" ind1=" " ind2=" ">
            <subfield code="a">Cuttered from title of first v. cataloged.</subfield>
          </datafield>
          <datafield tag="985" ind1=" " ind2=" ">
            <subfield code="e">ATLAS MIG</subfield>
          </datafield>
          <datafield tag="991" ind1=" " ind2=" ">
            <subfield code="b">c-GenColl</subfield>
            <subfield code="h">G1814.A1</subfield>
            <subfield code="i">H5 1969 &lt;G&amp;M : fol.&gt;</subfield>
            <subfield code="t">Copy 1</subfield>
            <subfield code="w">BOOKS</subfield>
          </datafield>
        </record>
      </zs:recordData>
      <zs:recordPosition>1</zs:recordPosition>
    </zs:record>